1800 3299
757 304 787 349 Ξῖ

85 438 181 475 remotus
190 432 238 485 ipsa
248 444 305 478 esse.
320 437 422 479 Attamen
431 431 644 474 animadvertendum
659 436 701 487 est,
721 433 789 475 Salo-

85 509 148 541 mone
164 498 305 554 rege,.etiam
322 497 373 539 huie
390 497 468 553 studio,
481 501 507 540 ut
522 502 575 539 tunc
591 496 706 552 temporis,
731 510 787 551 ope-

70 561 131 605 ‘ram
147 563 261 606 adhibitam
278 575 336 607 esse.
352 584 386 592 -
401 564 519 606 Praeterea
533 564 598 614 etiam
615 562 650 604 alii
673 562 712 604 viri
730 564 787 607 docti

86 630 147 672 nobis
164 634 308 674 memorantur
316 628 355 685 ¹],1
369 630 407 682 qui
426 630 563 672 omncssuis
579 629 712 682 temporibus
727 635 788 672 cete-

84 695 117 741 ris
132 697 258 740 mortalibus
275 697 440 752 antecedebant,
453 697 476 737 et
491 696 558 737 literis
575 708 662 749 operam
675 695 788 737 navabant.

24 965 26 967 ·
89 981 90 984 η
151 952 244 995 Exilium
260 953 369 1009 horribile,
386 954 445 1006 quod
454 951 510 994 'huic
526 951 635 994 successit
651 953 725 1007 aetati,
741 967 790 997 mo-

87 1023 189 1060 numenta
205 1021 400 1074 Hebraeorum-nt
417 1022 538 1062 ceterarum
560 1019 670 1075 gentium,
692 1020 790 1061 funditus

87 1084 209 1140 evertisset,
232 1086 273 1128 nisi
293 1098 344 1127 mox
358 1084 490 1138 inpatrianr
506 1085 628 1139 rediissent,
653 1089 675 1127 et
700 1085 792 1138 priscam
836 1118 839 1123 .

87 1155 232 1192 renovassent
251 1150 433 1203 constitutionem.
466 1152 521 1192 Nam
544 1162 585 1191 nec
602 1148 739 1203 'praestantia
755 1152 789 1193 in-

88 1221 156 1269 terna,
174 1227 215 1256 nco
232 1216 339 1256 sanctitas
352 1213 471 1268 religionis,
488 1215 624 1255 monumenta
640 1228 728 1256 servare
752 1229 793 1257 so-

88 1281 146 1321 leuat
170 1280 280 1332 populiiu
295 1278 440 1329 exiliumacti
458 1281 480 1318 et
495 1279 614 1333 perdomiti,
631 1280 682 1320 dum
698 1292 793 1322 secom-

87 1344 192 1385 miscebat
208 1344 384 1384 cumviotorinus
399 1342 547 1393 majorumque
563 1330 689 1396 religionem
714 1344 793 1385 oblivi-

89 1409 197 1449 scebatur.
214 1410 260 1448 Sed
277 1407 371 1459 populus
388 1408 488 1447 Judaeus
504 1418 555 1459 mor
570 1407 640 1458 rediit,
656 1410 684 1447 vet
700 1407 792 1449 diversis

89 1472 188 1513 cladibus
205 1476 293 1512 sanctos
310 1471 390 1511 hahere
406 1473 508 1522 paternos
528 1482 600 1511 morcs
624 1471 703 1528 didicit.
736 1472 794 1513 Vix-

56 1567 60 1573 ,
90 1537 141 1578 dum
158 1536 225 1591 igitur
241 1537 343 1589 templum
359 1536 519 1589 aedificabatur,
531 1539 552 1577 ct
567 1536 589 1577 in
606 1526 699 1589 priscam
717 1538 794 1580 condi-

33 1609 37 1611 ’
90 1602 169 1645 tionem
184 1604 348 1653 ,restituebatur
368 1603 470 1658 populus,
489 1601 563 1655 prisca
585 1607 723 1645 monumenta
746 1604 800 1646 col«

90 1669 148 1710 lecta
164 1673 222 1725 sunt,
237 1672 259 1711 et
269 1668 339 1710 vanxie
364 1669 478 1710 custodita.
512 1669 546 1710 ue
566 1669 625 1711 libris
648 1670 681 1711 lris
698 1671 795 1712 collectis

90 1746 150 1776 nunc
165 1746 265 1790 agamus,
278 1735 403 1788 priusquam
417 1735 445 1775 de
462 1735 563 1786 operibus
576 1736 692 1787 deperditis
701 1735 795 1788 hujusce

91 1799 167 1840 aetatis
185 1800 325 1842 disseramus.

253 1897 275 1943 1.
312 1898 349 1942 De
365 1898 500 1943 collectione·
513 1898 631 1955 librorum.
695 1868 699 1913 s

156 1995 187 2034 A.
219 1990 330 2032 Librum
352 1991 459 2046 legum,
472 1991 503 2033 ,in
525 1992 603 2043 templo
620 1990 670 2033 olim
686 1995 797 2035 servatum

91 2061 119 2101 alr
130 2050 208 2099 'Esdra
224 2056 547 2111 rescriptumesse,Apocalyp.
563 2058 649 2099 ldsdrae
666 2062 797 2101 auctortra-

94 2126 124 2166 dit
133 2127 160 2175 ²).
193 2124 235 2165 Hic
258 2123 314 2164 liber
335 2123 422 2174 quidem
443 2124 528 2165 Esdrae
550 2136 563 2164 a
583 2124 694 2176 proselyto
711 2126 796 2174 Judaeo

93 2192 193 2244 quodam,
214 2191 231 2231 Ο
248 2201 316 2231 annos
333 2184 412 2242 pchr'.
420 2189 505 2230 videtur
522 2189 592 2230 editus
610 2186 738 2234 esse-Nam
756 2194 798 2232 Je-

93 2253 133 2298 sus
158 2257 258 2298 Christus
280 2254 302 2296 in
324 2256 399 2295 eodem
416 2256 474 2296 clarc
492 2258 513 2295 et
529 2255 609 2296 diserte
626 2259 659 2296 est
675 2257 797 2308 appellatus

93 2321 221 2362 venerabilis
238 2323 261 2360 et
277 2320 312 2360 dei
328 2320 393 2372 iilius,
411 2321 438 2360 dc
454 2320 534 2371 populo
552 2322 623 2360 autem
641 2321 739 2362 Hebraeo
754 2333 797 2361 au-

94 2389 141 2425 ctor
157 2383 262 2434 loquitur,
285 2386 309 2422 ut
330 2383 399 2422 electo
417 2395 429 2422 e
446 2382 524 2422 cereris
541 2383 625 2433 populis
642 2386 664 2423 et
681 2384 798 2426 honorabi-
815 2428 816 2431 ,

94 2448 181 2499 lissima,
199 2458 263 2498 cujus
281 2458 348 2486 causa
361 2445 421 2486 multi
436 2449 489 2486 suut
506 2446 606 2487 destinati
628 2449 753 2503 prophetae,
776 2452 799 2489 et

95 2514 132 2566 qui
154 2514 214 2555 solus
239 2514 348 2553 aeternam
367 2503 520 2553 assecuturus
533 2516 567 2553 est
583 2504 660 2569 uitam3
691 2512 799 2568 [visiones

95 2581 150 2622 aliae
165 2578 230 2621 sicuti
245 2577 284 2619 illa
302 2578 329 2618 de
346 2578 430 2633 aquilis,
446 2580 538 2632 probant
555 2579 641 2621 circiter
658 2581 675 2620 θ
692 2592 760 2623 annos
777 2594 799 2634 p.

96 2648 147 2689 Chr.
164 2647 223 2688 lrunc
245 2644 323 2686 librum
344 2644 424 2685 editum
446 2643 517 2699 esseJ.
543 2645 674 2697 Quamquam
682 2645 798 2700 igiturJ'am

95 2725 137 2754 sua
154 2715 223 2753 aetate
240 2721 315 2764 parum
331 2710 396 2752 habet
412 2710 545 2753 auctoritatis
562 2714 584 2752 et
599 2711 656 2768 fidei,
673 2716 696 2754 et
710 2713 800 2754 relatio-

94 2816 252 2825 ...a-m...-

96 2914 113 2950 Ε
126 2914 136 2949 d
148 2861 196 2950 1)Ιέ
209 2864 261 2908 Reg.
274 2861 293 2911 5,
303 2862 335 2901 11.
349 2865 359 2899 1
373 2841 447 2901 chron.
461 2862 494 2912 27,
506 2860 538 2905 33.
551 2865 592 2902 etc.
604 2881 631 2890 ω
648 2861 677 2910 2)
685 2864 799 2913 apocalyp.

111 2923 124 2948 ‘a
138 2924 154 2951 r.
194 2924 232 2959 ,a
460 2946 462 2948 ,
537 2943 539 2945 .
