1800 3299
132 261 162 303 22

135 394 196 444 Quod
212 404 266 436 vero
283 395 360 445 nemini
369 393 446 444 mirum
462 391 568 449 videatur,
581 397 623 444 tani
639 393 739 443 diversos
754 398 833 438 aucto-

134 470 177 514 reS,
194 462 237 502 tam
253 461 344 517 diversis
361 459 629 517 temporumspatiis,non
645 460 833 515 inoperihussuis

133 524 189 568 inter
205 540 231 571 sc
255 528 351 582 differre,
383 527 525 578 cnm-stylus
546 527 638 580 simplex
658 518 834 583 iucunditasque,

136 592 172 633 eui
187 594 215 634 ab
231 591 336 647 Hebraeis
351 592 411 633 hauri
423 603 508 646 magna
524 595 559 644 est
574 592 735 649 adhibitaoura,
743 592 834 651 jamjam

133 657 183 709 ipsa
198 656 331 708 simplicitate
347 657 403 699 alius
420 657 455 698 alii
471 656 551 714 similis,
568 657 834 711 differentiamagnoscere

135 722 193 763 hand
209 724 253 763 tam
268 721 333 763 facile
348 723 453 764 lectorem
468 722 533 774 sinat,
565 724 616 763 Huc
632 722 726 764 studium
744 718 835 776 accedit,

134 785 192 836 quod
209 784 307 827 omnihus
324 787 448 829 auctoribus
464 785 574 840 proprium
581 778 667 828 videtur
677 786 835 842 ,fnisse,voaes
891 812 893 819 «

135 849 238 900 majorum
254 854 277 891 et
298 847 505 901 verbasgarlhibcndi
528 852 555 901 in¹
575 851 769 906 ,descriptionibus3
793 861 836 903 quo

136 913 198 956 etiam
214 915 329 959 similitudo
346 920 452 969 qiraeuanr
468 917 567 967 etiicitur.

140 1015 142 1022 .
200 984 301 1025 Annales
317 985 388 1024 autem
404 983 441 1038 iili,
458 983 495 1034 oui
511 982 612 1038 citantur,
631 986 691 1024 certe
707 984 756 1035 pius
773 983 794 1024 in
812 973 837 1024 se

136 1048 279 1105 continebant,
294 1061 359 1103 quam
374 1047 424 1091 libri
428 1052 477 1090 nos
477 1061 503 1091 rr
522 1048 838 1102 Sicanimlcgimuspersaepe

135 1118 220 1165 ceteras
227 1127 264 1157 res
272 1121 355 1176 gestas,
365 1125 421 1166 quae
433 1126 526 1156 omissae
532 1116 589 1168 sunt
593 1126 618 1155 ει
619 1114 685 1166 ruptas
692 1127 742 1155 csse
749 1114 770 1155 in
778 1114 837 1162 libris

88 1227 91 1232 ἱ
135 1178 184 1231 illis,
207 1183 229 1220 et
251 1179 327 1221 ubiubi
348 1179 413 1221 factis
430 1179 572 1232 occurrimus,
589 1188 655 1228 quae
661 1178 723 1227 nobis
739 1190 783 1219 non
799 1190 838 1219 re-

136 1243 179 1293 lata
204 1247 263 1296 sunt,
282 1244 347 1291 sicut
332 1242 445 1290 thistorr'n
462 1242 555 1281 enosch
567 1242 605 1282 Ps
623 1242 644 1294 t,
659 1243 681 1283 1
704 1246 725 1282 et
747 1243 839 1283 aliorum

136 1306 258 1348 multorum.
289 1305 359 1346 Etiam
383 1304 402 1345 si
424 1315 574 1345 removeamus
597 1305 750 1356 prophetarum
773 1305 838 1345 miras

136 1380 180 1424 res,
200 1381 312 1422 perpauca
332 1369 393 1411 nohis
414 1369 442 1410 de
464 1368 551 1410 civitate
573 1372 595 1410 et
615 1371 642 1409 de
659 1370 750 1423 regibus
765 1382 838 1411 renia-

137 1436 195 1490 nent,
213 1437 235 1477 et
250 1448 318 1489 saepe
333 1434 386 1477 nihil
402 1434 460 1476 aiiud
476 1434 518 1476 nisi
534 1438 570 1489 „et
586 1435 638 1490 fecit
653 1446 695 1477 seu
711 1437 844 1478 matumseu'

137 1497 238 1546 bonnm.“
270 1501 379 1555 Injustitia
398 1500 497 1544 Achabis
521 1500 544 1543 in
567 1501 653 1543 Naboth
679 1501 800 1556 diligenter
817 1506 839 1544 et
867 1553 870 1559 Ι

138 1563 228 1621 c‘opiose
243 1569 343 1623 traditur,
360 1567 411 1619 qnia
427 1568 462 1609 Eli
478 1568 557 1609 malum
574 1567 840 1623 praesagiebathiacon-

138 1635 172 1673 tra
188 1645 240 1675 vero
258 1635 286 1677 de
302 1634 410 1686 sanguine
429 1647 445 1675 ,a
465 1633 569 1674 Manasse
589 1633 669 1685 injuste
691 1636 759 1675 effuso
784 1638 806 1675 et
826 1645 840 1675 a
878 1632 880 1635 ’

138 1699 225 1753 ceteris,
250 1711 278 1740 ne
297 1710 364 1739 unuin
385 1698 470 1748 quidem
490 1698 581 1738 verbnm
597 1699 666 1737 adest.
699 1699 737 1738 Sic
753 1702 841 1747 etstu-

139 1762 196 1802 dium
211 1762 265 1804 iilud
282 1762 441 1812 demonstrandi
458 1761 493 1801 dei
509 1761 606 1814 regimen
623 1760 644 1801 in
661 1764 764 1812 poputum
777 1762 840 1811 *etio

137 1825 246 1879 singulos,
262 1829 351 1878 propter
367 1826 426 1876 quoii
443 1828 502 1865 certe
515 1825 537 1865 in
546 1824 625 1865 nostris
635 1825 692 1864 lihris
700 1827 840 1879 multa,quae

137 1901 188 1933 curn
205 1890 276 1931 divina
289 1889 372 1941 justitia
389 1902 432 1931 non
449 1901 574 1942 congruere
590 1883 737 1944 videbantur,
762 1891 841 1941 omissa

137 1957 195 2010 sunt,
212 1968 256 1997 non
272 1954 331 1997 libris
348 1954 417 1996 citatis
433 1954 520 2002 videtur
536 1954 651 2009 infuisse,
656 1954 701 1996 ita
707 1960 732 1996 ut
756 1960 777 1998 et
801 1969 842 1998 co-
876 2005 879 2009 ¹

138 2021 222 2074 piosius
245 2021 329 2064 narrari
354 2022 423 2065 omnia
446 2019 563 2075 potuerint
609 2021 669 2071 Quae
691 2022 761 2064 omnia
786 2021 840 2064 satis

140 2088 256 2137 declarant,
273 2087 360 2129 muita
354 2100 376 2129 in
392 2087 487 2129 archivis
503 2087 597 2139 laudatis
612 2088 689 2128 tradita
707 2100 764 2141 esse,
785 2100 841 2140 quae

127 2164 198 2207 ,nunc
215 2151 277 2200 nohis
293 2151 368 2207 ignota
384 2153 434 2203 sint,
451 2155 600 2203 citantomca,
617 2153 843 2204 qiraedivinamnro-

140 2217 253 2270 videntiam
270 2229 310 2269 pro
326 2216 407 2269 populo
425 2216 495 2256 electo
512 2216 778 2267 Jehovaefldemonstrare
789 2230 843 2268 pos-

69 2318 70 2321 ,
140 2281 188 2336 sint,
205 2281 299 2322 collecta
309 2293 366 2328 esse
382 2281 409 2320 ab
425 2278 551 2320 auctoribus
567 2282 688 2319 nostrorum
705 2280 813 2324 libroruin.

205 2347 262 2387 Gen
268 2358 280 2385 e
286 2357 300 2385 a
306 2345 314 2385 l
320 2358 332 2386 o
339 2344 386 2397 gia
394 2355 406 2384 e
415 2374 421 2397 ,
438 2353 493 2394 quas
501 2354 567 2394 snpra
583 2345 775 2385 demonstravimus
783 2358 843 2386 sem-

140 2422 180 2462 per
196 2409 280 2450 habitas
296 2421 353 2463 csse,
371 2407 433 2449 etiam
450 2419 508 2449 nunc
525 2407 662 2448 continuatae
678 2412 730 2450 sunt
738 2408 767 2457 1).
785 2411 843 2460 Nu-

141 2486 231 2516 merus
249 2484 336 2527 quoque
352 2472 475 2515 Levitarum
490 2474 659 2527 memoratu1·²),
676 2474 791 2525 quinciare
808 2475 844 2517 di-

143 2539 197 2582 citur
219 2540 314 2593 archivis
331 2538 444 2593 appositus
460 2539 542 2594 fuisse,
565 2551 591 2581 ac
613 2550 659 2581 mos
682 2544 728 2582 erat
751 2542 844 2584 archivis

142 2618 253 2651 numerum
277 2605 357 2648 civium
378 2605 499 2658 adjiciendi,
524 2616 574 2646 cum
597 2607 659 2647 modo
684 2607 844 2660 propteriram

143 2673 177 2715 dei
188 2674 210 2724 ³)
228 2662 330 2714 numerus
346 2672 381 2714 iile
398 2670 472 2713 Joahis
490 2682 532 2712 nou
549 2669 648 2721 adjectus
661 2674 728 2714 essct.

168 2828 192 2872 13
207 2823 301 2873 >Naeui
315 2822 347 2866 12,
360 2822 391 2867 23.
406 2814 674 2875 101ιιοιι.3,1.--·2)1
689 2819 844 2874 0120112321.

143 2880 178 2920 -’)
219 2874 316 2913 thron.
330 2871 363 2920 27,
374 2865 412 2910 21.
