1800 3299
770 213 773 235 ι

781 315 811 358 a}

110 446 220 501 vehimus,
242 447 279 499 qni
293 446 427 490 ''so'eleratior'v
450 447 497 501 ipsc
513 450 577 500 patre
591 443 696 489 Manasse
712 450 765 502 erat,
782 450 811 502 et,

110 508 221 566 ,··,ιίιειιι,“
226 514 251 553 ιιι
267 512 352 555 dicitur
351 514 412 566 ¹),
406 543 420 567 „
423 514 468 554 ttan
469 526 483 553 a
460 512 560 554 tmala
572 511 618 562 qui
637 522 730 571 augmen
731 513 796 553 ιιιιιι.
797 508 811 533 “

109 576 221 617 Aehasiae
244 569 331 618 autem
329 577 381 616 'd'e
380 575 468 647 regno*
466 589 503 619 ne
519 577 542 618 in
557 575 617 617 libris
630 587 711 629 regum
726 576 811 626 quidem

110 626 272 731 ιιιιιιιιιιιιιιι
230 640 272 682 cita
273 641 315 695 tu'r,
332 639 441 697 quianon
458 640 498 681 diu
510 652 632 695 regnavere
633 641 680 691 ιι)

163 705 265 746 Praeter
281 705 329 746 hos
338 694 430 747 annales
445 702 574 749 Davidis
591 718 638 749 res
654 706 726 761 gest
731 716 766 747 ae
777 703 812 747 di-

110 772 189 812 cuntur
205 763 333 824 descriptae
340 774 425 834 osset)
436 785 460 813 a
459 772 572 826 Nathaue,
585 773 687 815 Samuele
703 774 726 815 et
742 772 812 829 Gade,

74 840 75 845 ’
110 837 245 893 adauae,
276 837 326 888 quia
354 830 410 880 inter
435 840 525 880 annales
548 839 622 891 regios
646 843 696 881 ante
724 838 816 880 exilium

107 900 219 944 institutos
236 915 278 944 nou
295 906 481 958 fuerant,''auctor
496 909 574 957 regum
590 900 693 944 lectorem
709 916 751 945 non
771 916 811 944 re-

108 965 213 1007 misit—
229 968 299 1008 Etiam
317 963 479 1010 ceterarum
495 968 631 1022 gentium
646 968 810 1023 historiae,

109 1035 170 1081 quae
181 1032 243 1073 nobis
260 1027 404 1074 memorantur
413 1031 444 1088 ι),
462 1033 621 1076 contectaehae
628 1035 699 1073 aetate
716 1035 812 1075 sunt-

108 1096 255 1138 Mirabilia
265 1099 511 1148 quoqueprophetarum
520 1097 603 1138 'facta
619 1099 641 1137 et
654 1095 726 1137 dicta
743 1096 812 1137 honor

108 1170 152 1201 uon
158 1161 243 1200 videtur
252 1160 352 1212 attigisse
358 1161 553 1201 ante-exiliumntin
560 1161 648 1201 annales
657 1161 812 1214 reciperentur,

109 1223 207 1274 quoniam
224 1234 330 1276 persaepe
346 1222 396 1277 regi
411 1223 481 1265 invisa
497 1226 623 1266 fuerant-et
631 1228 742 1282 suspecta,
758 1225 813 1266 itaut

107 1293 243 1342 nequaquam
260 1302 287 1331 ea
302 1289 324 1332 in
340 1302 394 1331 snos
411 1289 502 1333 annales
514 1290 582 1343 recipi
596 1293 727 1343 pateretur.'
751 1292 813 1341 Quae

108 1355 254 1397 nihilominus*
276 1355 299 1396 in
332 1355 459 1407 quibusdam
492 1356 551 1397 libris
585 1358 647 1398 erant
676 1355 812 1411 consignata,

109 1433 166 1462 cnm>
175 1433 250 1462 eorum
265 1421 367 1464 memoria
383 1412 502 1471 scriptores
510 1424 633 1461 nostrorum
640 1420 744 1461 librorum
752 1422 812 1462 haud

109 1486 217 1538 deficeret,
232 1487 258 1524 et·
268 1477 377 1539 imprimis,
393 1488 504 1525 auctorem
520 1484 636 1539 Chironia,
652 1488 738 1536 praeter
744 1485 812 1526 libros

77 1589 80 1594 ,
108 1549 203 1604 Regum,
221 1548 284 1589 etiam
300 1561 375 1590 eorum
391 1551 463 1591 fontes
479 1547 590 1602 habuisse,
615 1549 721 1602 cognosci
742 1549 813 1591 liceat.

108 1612 185 1654 Multis
202 1612 257 1654 enim
274 1613 296 1654 in
312 1614 366 1654 locis
384 1613 453 1655 omnia
468 1612 545 1654 iisdem
562 1612 647 1663 quidem
664 1613 749 1670 verbis,
772 1614 814 1654 sed

107 1681 178 1718 tamen
189 1680 211 1718 et
218 1677 320 1719 nonnulla
325 1677 480 1719 mutatatradit.
489 1678 551 1727 Quod
556 1678 627 1729 modo,
635 1677 711 1719 iisdem
716 1677 813 1720 tontibus

107 1743 202 1799 mutatis,
218 1743 265 1785 fieri
280 1746 379 1795 poterat
404 1744 546 1792 Quamobrem
562 1743 626 1785 etiam
640 1755 700 1785 utino
723 1743 812 1786 relatio-

109 1821 149 1851 nes
165 1810 288 1863 nonnullae,
306 1812 328 1851 et
343 1810 401 1861 stylo
418 1811 441 1851 et
455 1812 532 1866 forma,
547 1809 750 1852 insertaecratiouis
758 1801 812 1864 par-

108 1878 142 1918 tes
165 1875 226 1917 uobis
240 1873 386 1931 appaream).
750 1865 755 1870 ’

172 1941 208 1981 Ex
224 1939 362 1981 historiarum
382 1939 443 1981 libris
468 1942 570 1981 auctores
591 1940 698 1981 Samuelis
721 1943 744 1981 et
763 1940 813 1981 Re-

82 2052 86 2057 ,
109 2016 162 2058 gum
177 2004 293 2045 relationes
310 2005 451 2045 extrahebant
466 2016 527 2045 suas.
561 2006 608 2045 Hae
624 2006 696 2045 autem
711 2016 756 2045 nou
772 2016 812 2045 re·

109 2069 201 2121 scriptae
217 2071 240 2110 et
255 2071 419 2110 transformatae
436 2071 504 2124 erant,
520 2070 561 2110 sed
583 2069 655 2120 potius
675 2070 812 2111 adverbum

107 2136 155 2184 sere
171 2133 286 2175 adhibitae.
318 2133 369 2174 Mos
391 2133 446 2174 euim
468 2135 514 2174 erat
529 2133 635 2184 Hebraeis
656 2132 757 2175 historias
771 2145 813 2175 ac-

73 2191 75 2194 *
108 2201 183 2252 oeptas
200 2198 237 2239 tali
253 2198 316 2240 modo
333 2198 471 2251 excerpendi.
503 2199 581 2250 Itaque
597 2198 660 2241 etiam
676 2197 812 2241 nuuoiove-

92 2259 178 2307 vnimus
195 2265 269 2307 eadem
283 2267 342 2306 facta
357 2264 391 2306 bis
408 2268 430 2306 et
445 2266 479 2306 ter
494 2263 517 2306 in
527 2265 592 2320 libris
608 2266 696 2320 Regum
704 2267 725 2306 et
737 2264 811 2307 Chro-

107 2331 206 2373 nieorum
222 2334 244 2372 et
265 2331 353 2383 JesaJ'ae
377 2317 528 2381 tereniaeque
543 2330 624 2372 iisdem
634 2342 721 2383 semper
730 2330 810 2372 verbis

108 2396 205 2449 repetita
238 2396 332 2447 Atque
326 2408 348 2435 ιιι
364 2396 437 2436 multis
453 2396 499 2434 aliis
515 2395 571 2435 locis
586 2395 668 2446 repeti
663 2406 724 2436 rcues
733 2397 811 2437 eodem

61 2491 63 2494 -
108 2463 171 2503 modo
188 2465 294 2513 persaepe
310 2460 396 2501 adsunt
429 2457 571 2501 Similitudo'
565 2459 640 2512 igitur,
656 2470 714 2511 quae
729 2459 812 2503 nostris

108 2527 168 2569 libris
188 2536 288 2578 magnam
311 2525 392 2576 partem
406 2522 470 2578 inest,
487 2526 509 2564 et
517 2524 740 2567 inverbisetinmodo
756 2536 811 2565 nar-

109 2591 178 2647 randi,
192 2591 255 2632 etiam
270 2589 330 2631 libris
345 2588 388 2649 iilis
405 2588 522 2641 deperditis
537 2589 624 2641 propria
640 2588 725 2630 videtur
732 2589 810 2631 fuisse.

160 2717 184 2766 1)
197 2717 211 2757 2
224 2719 298 2756 chron.
311 2714 343 2764 33,
357 2715 389 2754 23.
403 2735 430 2743 -
442 2715 466 2764 2)
479 2715 611 2764 (temperetur
624 2726 668 2754 curo
681 2718 810 2756 haemerae-

49 2786 52 2790 ’
109 2774 180 2812 rabitis
196 2774 314 2809 dissidentia
327 2773 381 2809 iuter
393 2771 440 2810 libr
456 2772 508 2818 neg.
526 2773 547 2809 et
566 2770 641 2811 Ghrnn
661 2770 675 2795 ι
662 2771 761 2809 chron.
775 2770 808 2821 22,

109 2827 168 2866 2..et
182 2825 259 2874 doeg.
273 2824 293 2873 8,
307 2824 382 2864 29-
400 2823 422 2869 3]
436 2823 449 2862 1
464 2825 537 2862 chron.
550 2823 582 2872 29,
596 2823 675 2865 29-
648 2823 717 2873 -4)
730 2823 763 2873 93,
776 2823 809 2871 29,

109 2847 182 2917 39—-
194 2875 218 2927 5)
231 2836 365 2925 Bgerthold,
379 2875 498 2926 Emlertnng
509 2879 544 2916 111
564 2879 632 2916 lteber
644 2879 677 2915 dre
689 2877 809 2926 Quellend

109 2930 218 2971 Bbeherd
231 2932 318 2979 Kduige.
335 2930 412 2977 leeg
425 2927 459 2971 21
557 2937 558 2940 ’
