1800 3299
771 311 803 351 1¹5
850 326 852 329 ’

101 444 167 502 apud·
176 441 261 509 tire'cam
277 439 414 486 nummariam
430 441 584 486 inveniebatur.
607 441 682 492 Itaque
698 441 751 485 liber
765 440 802 505 bie

100 509 205 573 repertus
218 509 315 553 collectio
334 510 410 564 legnm
430 508 465 551 illa
488 522 502 551 a
517 510 598 561 Moyse
620 510 720 558 confecta
736 512 757 551 et
773 509 801 551 ab

101 574 149 617 aliis
165 578 229 617 aneta
246 578 267 618 et
282 575 388 628 rescripta
403 576 502 618 habenda
518 580 559 619 est.
593 576 656 615 Hane
673 574 700 614 ob
715 581 802 617 cansam

20 692 21 695 Ἰ
102 641 166 683 etiam
181 641 236 683 liber
252 642 326 682 uuor-a
336 631 384 683 boo
400 641 422 682 in
437 642 485 681 loeo
503 641 629 695 nominatur⁷
647 650 710 691 quem
717 638 801 695 librum,

101 717 170 757 snpra
192 706 390 766 demonstravimus,
413 705 478 758 leges
499 707 561 746 modo
589 700 723 757 complexum
745 706 803 759 ess'e,

102 771 125 811 et
137 768 216 825 aliasl]
233 770 324 811 verba
340 769 476 823 foederis,
489 769 554 809 sicuti
570 769 631 810 etiam
641 769 761 811 nominatur
767 769 804 817 le÷

102 845 156 886 gum
171 835 265 884 liberi).
298 835 318 875 Ε
328 834 346 875 si
362 834 418 875 enim
433 835 497 886 leges
514 844 588 874 omnes
604 834 698 883 hujusce
715 833 804 875 libriin
849 868 851 872 ,

101 899 247 949 pentateucho
264 897 495 951 fuerantptameonie
511 909 555 937 non
571 899 614 937 tam
630 900 718 938 sanetus
732 898 804 949 habe-

101 962 172 1015 betun
198 973 262 1014 quam
277 963 314 1004 ille
330 963 390 1016 liber,
414 962 450 1014 qni
475 962 497 1002 in
520 962 598 1014 templo
621 961 676 1002 situs
704 974 805 1017 magnam

102 1030 219 1069 assecutus
236 1030 271 1069 est
286 1028 329 1070 hee
349 1042 373 1070 re
391 1028 523 1082 dignitatem.
555 1023 734 1070 'Exseorationes'
753 1035 804 1071 vero

76 1119 79 1121 -
103 1093 173 1135 eidem
197 1093 382 1146 adjectae-facile
406 1095 456 1148 regi
480 1093 614 1135 formidinem
635 1093 806 1146 injicerepote-

102 1162 188 1213 rante),
205 1171 255 1200 cum
276 1160 367 1199 vidisset
379 1160 442 1212 leges
458 1170 501 1200 non
511 1160 703 1201 observatasesse.
719 1162 805 1202 Verum

104 1223 163 1276 quod
183 1222 239 1265 liber
264 1223 300 1265 hic
321 1224 403 1278 legum7
425 1223 468 1277 qui,
493 1224 592 1276 quamvis
613 1225 680 1265 semel
701 1227 764 1266 modo
783 1226 807 1266 in

36 1299 38 1302 ·
102 1289 182 1341 templo
199 1300 248 1329 enm
265 1288 374 1329 exstitisse
386 1288 463 1339 paucis
480 1288 592 1341 cognitum
608 1290 759 1344 concedamus,
771 1293 807 1331 ta-

103 1364 153 1395 men
173 1356 304 1405 persanctus
326 1353 458 1405 habebatur,
484 1352 533 1405 regi
556 1352 688 1404 potissimum
715 1353 806 1404 ignotus

105 1419 165 1471 erut,
196 1428 285 1457 oausam
313 1416 388 1468 opinor
415 1415 478 1455 sitam
510 1427 560 1456 esse
587 1415 610 1455 in
639 1419 697 1456 statu
727 1428 806 1459 rerum.

103 1482 229 1522 Manassen
246 1479 301 1520 enim
318 1490 394 1531 regem
409 1478 489 1520 idolum
505 1478 528 1519 in
547 1478 626 1531 templo
654 1480 734 1521 scimus
759 1482 807 1522 eol-

96 1546 198 1592 locasse.
212 1580 216 1601 „
232 1544 294 1593 Quod
311 1555 360 1585 cum
377 1543 414 1584 toti
429 1542 516 1594 Moysis
531 1543 662 1597 legislationi
680 1548 738 1586 esset
752 1558 808 1587 con-

79 1632 81 1637 f
104 1609 199 1664 tranium,
223 1608 360 1659 nequaquam
381 1619 422 1649 rex
443 1608 507 1661 leges
527 1607 574 1649 illas
594 1607 616 1649 in
637 1610 711 1651 eodem
729 1610 807 1663 templo

104 1674 149 1728 pati
166 1676 188 1717 et
203 1686 293 1717 servare
309 1672 385 1730 potuit,
402 1674 442 1715 sed
458 1673 530 1727 potius
544 1686 582 1717 eas
604 1673 695 1727 ejecisse
713 1677 808 1718 ereden-

105 1740 148 1783 dns
165 1743 206 1784 est.
239 1736 311 1791 Quare
327 1752 377 1783 oum
398 1740 470 1796 cultus
491 1739 595 1793 pristinus
612 1752 625 1781 a
641 1742 702 1784 Josia
718 1742 809 1785 restitn-

105 1809 141 1849 tus
157 1802 231 1862 esset,
255 1806 318 1847 etiarn
339 1807 403 1860 leges
419 1806 469 1848 illae
486 1806 506 1847 in
523 1806 560 1864 illo
575 1808 625 1848 loco
641 1808 748 1862 inuentae,
765 1819 808 1860 qno

105 1873 246 1914 absconditae
262 1871 400 1924 rejectaeoue
412 1870 521 1925 jacebant,
537 1871 559 1911 in
575 1871 684 1924 pristinam
696 1873 808 1914 restitutae

105 1939 158 1978 sunt
174 1929 307 1989 nig'nitatem.
346 1935 480 1988 conjecturis
501 1935 569 1989 igitur
587 1935 648 1976 haud
664 1935 752 1978 incertis
768 1939 809 1978 fir-

75 1990 76 1993 *
105 2004 184 2042 matum
192 2000 297 2054 videmus,
307 2001 364 2051 quod
373 2000 438 2039 etiam
447 1999 517 2051 opinio
526 2003 575 2053 fert
583 2000 721 2054 subregibus
732 2002 809 2056 impiis,
829 2004 830 2008 ’

106 2065 144 2117 qui
165 2059 431 2116 templum.'prot’enarunt
446 2073 552 2118 sacrum,
578 2065 653 2122 legum
674 2058 751 2106 librum
767 2077 811 2106 ne-

106 2130 205 2182 glectum
221 2131 244 2170 et
259 2126 363 2179 rejectum
379 2139 437 2170 esse.
452 2127 486 2168 Pii
501 2139 554 2169 vero
570 2139 638 2181 reges
655 2129 744 2171 maxime
762 2132 811 2171 eum

17 2198 31 2203 “
105 2192 247 2247 honorabant,
265 2196 287 2233 et
301 2193 420 2245 prophetae
436 2203 486 2234 eum
501 2192 592 2246 regibus
609 2193 751 2249 explicabant
772 2193 810 2235 Sic

106 2257 204 2312 Jesajasf
213 2257 323 2309 uisitare)
344 2256 463 2300 Ezechiam
483 2258 548 2312 leges
561 2258 671 2314 ¹docuisse
682 2263 704 2301 et
715 2258 737 2300 in
754 2258 811 2300 viam
859 2255 861 2258 ’

107 2323 197 2366 duxisse
212 2325 301 2367 rectam.
333 2325 409 2377 Atque
430 2322 450 2365 si
465 2316 542 2382 {mores
557 2322 580 2365 in
596 2325 676 2366 fabulis
693 2325 774 2366 relatos
786 2327 808 2367 et

106 2389 282 2445 consuetudines,
299 2388 322 2430 in
339 2390 406 2429 rebus
430 2389 465 2429 vel
486 2386 657 2444 incredibilibus,
678 2402 744 2431 veras
768 2402 811 2432 nec

107 2453 193 2497 omnino
209 2454 275 2508 dotas,
288 2454 405 2507 babemus·
417 2451 559 2504 comperimus
570 2454 593 2503 ⁵)
609 2455 727 2506 propbetas
750 2456 810 2507 ipsos

106 2519 221 2561 nonnullas
254 2517 362 2570 adJecisse
393 2516 481 2571 legibus
498 2517 649 2560 institutiones.
696 2520 760 2568 Quae
776 2520 812 2561 rel

107 2583 142 2624 his
164 2582 187 2624 in
209 2581 317 2624 mnaeuli's
348 2583 450 2636 templum
483 2594 568 2634 semper
599 2586 703 2635 spectant
745 2586 774 2624 oi.
796 2584 812 2626 2

108 2648 188 2690 chron.
205 2647 248 2703 29,
265 2645 303 2690 25.
343 2674 345 2677 ·

106 2753 264 2762 ...μ-...υκ-

148 2811 184 2855 i)
197 2782 210 2849 2
223 2813 274 2858 Reg.
288 2809 320 2860 23,
334 2814 355 2850 3.
367 2830 395 2838 —-
420 2808 443 2859 2)
457 2813 522 2849 Exod.
536 2810 601 2861 2254,
615 2810 634 2849 7.
648 2795 680 2861 di,
694 2803 726 2850 27.
752 2814 812 2852 Dent.

106 2861 155 2953 {831
153 2863 230 2965 2303,
243 2862 274 2954 ld)
287 2863 300 2902 2
313 2866 364 2912 neg.
378 2862 415 2910 22„
423 2863 456 2905 16.
469 2884 496 2892 —
522 2862 546 2913 4)
559 2865 631 2903 Silach
644 2863 677 2914 48,
690 2864 723 2906 22.
736 2884 763 2891 —-
789 2864 818 2925 5)1
