1800 3299
96 882 276 956 Μοιιιιιιιιιιιιι
280 902 390 946 literarum
410 902 565 949 Hebraeorum
588 891 643 960 qaae
661 893 747 945 adhuc
752 918 794 947 ex-

84 969 161 1023 stant,
181 967 203 1010 in
225 968 268 1010 hae
289 980 314 1011 re
328 958 469 1026 potissimum,
490 969 548 1021 qnod
564 954 596 1009 ad
609 971 736 1024 formarat
714 956 793 1025 attinet

97 1032 198 1075 differunt
189 1033 378 1076 tamonumeutis
393 1034 502 1076 literarum
518 1021 720 1092 aliarumgendum,
737 1035 796 1086 qnod

96 1098 119 1140 in
143 1110 211 1140 unum
232 1099 334 1140 volumem
356 1100 448 1144 collecta
468 1098 530 1140 nobis
554 1112 566 1139 a
587 1100 713 1156 veteribus
718 1100 796 1141 tradita

97 1166 156 1205 sunt.
189 1165 250 1211 Quae
266 1162 366 1203 collectio
382 1162 483 1215 librorum
499 1166 571 1203 utrum
588 1162 638 1218 data
658 1153 724 1220 opera
738 1177 796 1221 eon-

29 1240 38 1247 ·’
94 1223 172 1269 ἐιιιιιιιι
150 1226 218 1269 tsit
231 1240 245 1269 a
260 1227 315 1271 viris
330 1223 424 1282 eruditis,
440 1227 470 1268 ila
486 1230 511 1268 ιιι
526 1231 568 1270 nou
583 1240 656 1285 omnes
670 1229 715 1270 libri
737 1228 796 1282 reci-

30 1305 32 1307 *
97 1296 208 1348 petentur
223 1304 252 1335 an
268 1304 343 1334 omnes
359 1304 413 1334 easn
430 1281 522 1344 quodam
537 1293 642 1349 reseruati
651 1281 796 1335 libriinillam

98 1359 244 1401 collectionem
265 1356 369 1412 recepti
369 1357 420 1412 sint,
440 1356 498 1413 hano
519 1346 690 1415 quaestionem
684 1371 706 1399 m
726 1359 795 1414 medio

98 1423 135 1465 hic
158 1423 313 1473 relinquamus
362 1388 420 1470 Hoc
435 1431 488 1462 vero
516 1425 616 1477 constat
646 1435 687 1464 non
716 1436 796 1478 omnes⁷

99 1487 136 1540 qui
153 1482 201 1529 olim
218 1486 293 1539 scripti
276 1474 376 1528 terant
396 1486 480 1541 libri,
477 1473 538 1527 nobis
560 1489 658 1527 servatos
680 1491 797 1530 esseio

99 1552 151 1606 ipsis
169 1552 224 1608 enim
240 1552 299 1594 libris
322 1541 439 1593 reservatis
463 1540 610 1605 Hebraeorum
635 1552 715 1611 scripta
737 1538 798 1595 com-

98 1605 242 1673 memorantur
258 1612 321 1658 modo
338 1607 412 1675 obiter
422 1605 486 1658 modu
503 1602 531 1658 de
546 1615 658 1665 industria
675 1628 731 1668 quae
741 1623 798 1660 nune

99 1695 143 1738 non
159 1670 271 1739 babemus
303 1669 365 1739 Libri
377 1670 464 1737 quoque
479 1677 521 1733 ipsi
537 1682 617 1723 servati
633 1672 702 1736 agunt
714 1682 799 1739 ιιιιιιιιιιι

100 1734 128 1789 de
145 1745 290 1798 antiquissimo
307 1750 403 1798 tempore
418 1749 489 1802 usqne
505 1747 534 1788 ad
552 1748 682 1788 Artaxerxis
703 1736 799 1804 mortem,

97 1810 160 1864 ‘qnod
173 1814 187 1854 J
192 1814 317 1864 asephus
331 1811 376 1864 jam
389 1811 485 1866 adnotat,
500 1812 561 1861 Quae
576 1814 658 1865 postea*
667 1816 732 1867 gesta
747 1814 800 1855 sunt
822 1850 824 1852 ,

100 1886 207 1928 nusquam
222 1875 382 1918 inveniuntur
375 1887 398 1917 ιιι
413 1874 447 1917 his
463 1871 531 1933 libris.
568 1877 596 1918 Iu
616 1876 799 1949 quibusdamta-

101 1953 149 1983 men
156 1940 216 1982 libris
225 1952 251 1981 ea
260 1940 389 1992 consignata
396 1940 566 1997 fumeesmmus,
581 1940 658 1992 partim
675 1940 730 1981 enim
746 1942 799 1996 ver-

101 2005 174 2047 siones
191 1995 294 2055 quasdam
307 2004 384 2044 horum
398 2004 500 2060 librorum
517 2006 589 2046 adhue
605 2005 800 2057 habemus,port1m

101 2069 186 2111 nomina
201 2069 304 2126 nonnulla
320 2054 532 2123 commemorantur
525 2082 548 2110 m
564 2064 657 2111 diversis
670 2069 717 2111 aliis
733 2070 800 2113 libris.

102 2136 135 2175 lle
157 2132 196 2174 his
212 2122 279 2187 igitur
296 2132 400 2175 omnibus
410 2127 478 2190 libris
499 2135 558 2186 qui
551 2128 675 2190 interierint,
693 2134 800 2175 disserere

102 2210 181 2252 operae
197 2198 288 2262 predam
305 2194 365 2256 nobis
382 2197 453 2240 visum
469 2200 509 2242 est.
541 2198 650 2256 Atque
632 2194 665 2242 sic
681 2199 703 2241 in
718 2200 760 2241 lioc
771 2199 801 2252 li-

102 2266 158 2307 bello
176 2276 214 2317 pro
231 2264 284 2305 virili
300 2267 362 2316 parte
378 2276 452 2306 omnes
468 2264 534 2322 libros
555 2265 608 2310 illos
627 2265 801 2307 commemorabi-

102 2341 158 2371 mus
195 2331 284 2384 Statum
302 2329 364 2383 etiam
389 2332 411 2371 et
435 2316 575 2371 conditionem
599 2325 674 2372 borum
696 2319 800 2371 librorum

104 2394 176 2447 quoad
191 2376 243 2434 lieet
234 2395 393 2435 tdescribere
411 2396 437 2436 et
458 2405 537 2434 causas
554 2393 653 2449 interitus
675 2384 749 2435 eornm
765 2396 802 2436 iu-

104 2453 215 2512 vestigare
234 2460 256 2499 et
272 2469 380 2510 exponere
396 2447 538 2515 studebimus.
571 2460 617 2501 Sed
631 2460 730 2519 quoniam
744 2461 803 2501 teria

104 2520 249 2567 Israelitarum
264 2526 351 2566 fortuna
363 2523 474 2576 maximam
485 2523 532 2566 vim
547 2510 570 2566 ιιι
586 2537 660 2566 eornm
673 2525 697 2566 ιιι
689 2528 742 2581 terat
743 2537 804 2567 uram
838 2529 841 2534 ’

105 2581 213 2647 exercuit,
234 2589 256 2649 in
276 2590 418 2632 recensendis
441 2589 501 2647 libris
521 2591 668 2634 Hebraeorum
688 2577 804 2644 deperditis

105 2658 184 2698 ducem
199 2645 315 2708 sequemur
331 2656 400 2709 ipsam
414 2644 489 2713 populi
509 2656 552 2698 hist
543 2656 624 2699 toriam
673 2698 674 2702 ,

169 2723 247 2773 Itaque
263 2722 320 2763 hanc
336 2733 376 2779 nos
377 2723 431 2762 tram
444 2721 626 2765 dissertationem
620 2732 642 2763 m
649 2729 743 2774 qumque
751 2733 803 2775 par

105 2790 140 2829 tes
157 2787 284 2842 dividemus,
301 2797 391 2838 quarum
406 2786 475 2838 prima
490 2781 613 2838 recensebit
636 2799 702 2840 opera
724 2789 804 2839 deper-

107 2853 150 2893 dita
165 2852 267 2910 temporis
283 2853 334 2894 inde
356 2864 370 2892 a
385 2850 453 2905 prima
476 2852 550 2906 populi
571 2851 655 2905 origine
682 2862 754 2903 usque
777 2852 805 2893 ad

106 2919 188 2968 Josuae
203 2918 300 2974 mortem,
317 2919 393 2973 altera,
404 2917 461 2967 quae
473 2917 652 2960 Jndicnmaetate
660 2911 805 2970 ιιιιιιιιειιιιι,

612 3003 651 3048 la
